@online{wageGapVsAutomation,
    author    = "Peter Dizikes",
    title     = "Study finds stronger links between automation and inequality",
    url       = "https://news.mit.edu/2020/study-inks-automation-inequality-0506",
}

@online{consequenceOfInequality,
    author    = "Steven Pressman",
    title     = "Consequences of Inequality Will Strike Everyone Indiscriminately",
    url       = "https://theglobepost.com/2019/03/19/consequences-of-inequality/",
}